%%% SVM

@article{Burges1998,
 author = {Burges, Christopher J. C.},
 title = {A Tutorial on Support Vector Machines for Pattern Recognition},
 journal = {Data Min. Knowl. Discov.},
 issue_date = {June 1998},
 volume = {2},
 number = {2},
 month = jun,
 year = {1998},
 issn = {1384-5810},
 pages = {121--167},
 numpages = {47},
 doi = {10.1023/A:1009715923555},
 acmid = {593463},
 publisher = {Kluwer Academic Publishers},
 address = {Hingham, MA, USA},
 keywords = {VC dimension, pattern recognition, statistical learning theory, support vector machines},
} 

@misc{cvxopt,
    author = {Dahl, Joachim and Vandenberghe, Lieven},
    keywords = {optimization, tool},
    posted-at = {2012-01-16 11:08:03},
    priority = {4},
    title = {{CVXOPT}: A python package for convex optimization},
    year = {2008}
}


@MISC{Bottou06supportvector,
    author = {Léon Bottou and Chih-jen Lin},
    title = {Support Vector Machine Solvers},
    year = {2006}
}

@article{Chang:2011,
 author = {Chang, Chih-Chung and Lin, Chih-Jen},
 title = {LIBSVM: A Library for Support Vector Machines},
 journal = {ACM Trans. Intell. Syst. Technol.},
 issue_date = {April 2011},
 volume = {2},
 number = {3},
 month = may,
 year = {2011},
 issn = {2157-6904},
 pages = {27:1--27:27},
 articleno = {27},
 numpages = {27},
 doi = {10.1145/1961189.1961199},
 acmid = {1961199},
 publisher = {ACM},
 address = {New York, NY, USA},
 keywords = {Classification LIBSVM optimization regression support vector machines SVM},
} 

%%% CNN
@INPROCEEDINGS{Lecun98,
    author = {Yann Lecun and Léon Bottou and Yoshua Bengio and Patrick Haffner},
    title = {Gradient-based learning applied to document recognition},
    booktitle = {Proceedings of the IEEE},
    year = {1998},
    pages = {2278--2324}
}

@misc{Tieleman2012,
  title={{Lecture 6.5---RmsProp: Divide the gradient by a running average of its recent magnitude}},
  author={Tieleman, T. and Hinton, G.},
  howpublished={COURSERA: Neural Networks for Machine Learning},
  year={2012}
}

@inproceedings{IoffeS15,
  author    = {Sergey Ioffe and
               Christian Szegedy},
  title     = {Batch Normalization: Accelerating Deep Network Training by Reducing
               Internal Covariate Shift},
  booktitle = {Proceedings of the 32nd International Conference on Machine Learning,
               {ICML} 2015, Lille, France, 6-11 July 2015},
  pages     = {448--456},
  year      = {2015},
  timestamp = {Tue, 12 Jul 2016 21:51:15 +0200},
  bibsource = {dblp computer science bibliography, http://dblp.org}
}

@article{Srivastava:2014,
 author = {Srivastava, Nitish and Hinton, Geoffrey and Krizhevsky, Alex and Sutskever, Ilya and Salakhutdinov, Ruslan},
 title = {Dropout: A Simple Way to Prevent Neural Networks from Overfitting},
 journal = {J. Mach. Learn. Res.},
 issue_date = {January 2014},
 volume = {15},
 number = {1},
 month = jan,
 year = {2014},
 issn = {1532-4435},
 pages = {1929--1958},
 numpages = {30},
 acmid = {2670313},
 publisher = {JMLR.org},
 keywords = {deep learning, model combination, neural networks, regularization},
} 


%%% CNN + SVM
@inproceedings{Huang:2006,
 author = {Huang, Fu Jie and LeCun, Yann},
 title = {Large-scale Learning with SVM and Convolutional for Generic Object Categorization},
 booktitle = {Proceedings of the 2006 IEEE Computer Society Conference on Computer Vision and Pattern Recognition - Volume 1},
 series = {CVPR '06},
 year = {2006},
 isbn = {0-7695-2597-0},
 pages = {284--291},
 numpages = {8},
 doi = {10.1109/CVPR.2006.164},
 acmid = {1153459},
 publisher = {IEEE Computer Society},
 address = {Washington, DC, USA},
} 

@article{Tang13,
  author    = {Yichuan Tang},
  title     = {Deep Learning using Support Vector Machines},
  journal   = {CoRR},
  volume    = {abs/1306.0239},
  year      = {2013},
  timestamp = {Mon, 01 Jul 2013 20:31:24 +0200},
  bibsource = {dblp computer science bibliography, http://dblp.org}
}


%%% Unsupervised feature learning
@incollection{Coates12,
  author    = {Adam Coates and
               Andrew Y. Ng},
  title     = {Learning Feature Representations with K-Means},
  booktitle = {Neural Networks: Tricks of the Trade - Second Edition},
  pages     = {561--580},
  year      = {2012},
  doi       = {10.1007/978-3-642-35289-8_30},
  timestamp = {Mon, 09 Sep 2013 18:53:44 +0200},
}
@inproceedings{coates2011analysis,
  author = {Coates, A. and Lee, H. and Ng, A.Y.},
  booktitle = {Proceedings of the Fourteenth International Conference on Artificial Intelligence and Statistics},
  editor = {Gordon, Geoffrey and Dunson, David and Dudík, Miroslav},
  interhash = {46cfb4b5b1c16c79a966512e07f67158},
  intrahash = {bcb2c1fd335ae57362cdf348ff727589},
  pages = {215--223},
  publisher = {JMLR W\&CP},
  series = {JMLR Workshop and Conference Proceedings},
  title = {An analysis of single-layer networks in unsupervised feature learning},
  volume = 15,
  year = 2011
}

%%% SIFT
@article{Lowe2004,
 author = {David Lowe},
 title = {Distinctive image features from scale-invariant keypoints},
 issue_date = {January 5, 2004},
 year = {2004},
 numpages = {1-28},
 address = {University of British Columbia, Vancouver, B.C, Canada},
 keywords = {Local image descriptors scale-invariant, rotation-invariant},
} 

@inproceedings{GraumanDarrell2005,
 author = {Kristen Grauman, Trevor Darrell},
 title = {The pyramid match kernel: discriminative classification with sets of image features},
 issue_date = {October 2005},
 year = {2005},
 pages = {1-8},
 publisher = {IEEE},
 address = {Cambridge, MA, USA},
 keywords = {classification pyramid match kernel local image features},
} 
